@misc{gesturecontrolvideo,
  title={Build a Cool Touchless Gesture UI with Core ML and Vision. iOS Machine Learning Tutorial},
  author={Advent, Brian},
  year={2019},
  note={\url{https://www.youtube.com/watch?v=G7DYmhZMz6k}}
}
@misc{tableviewvideo,
  title={Swift {UITableView} Tutorial with Custom Cells---{Beginner} Series},
  author={Allen, Sean},
  year={2017},
  howpublished={YouTube},
  note={\url{https://www.youtube.com/watch?v=FtO5QT2D_H8&t}}
}
@misc{bray2000extensible,
  title={Extensible markup language (XML) 1.0},
  author={Bray, Tim and Paoli, Jean and Sperberg-McQueen, C Michael and Maler, Eve and Yergeau, Franois and others},
  year={2000},
  publisher={W3C recommendation October}
}
@article{xmlParserIosCreator,
  title={Parse XML iOS Tutorial},
  author={Knopper, Arthur},
  journal={IOSCREATOR, https://www.ioscreator.com/tutorials/parse-xml-ios-tutorial},
  year={2019}
}
@article{tableViewApple,
  title={UITableView},
  author={Apple},
  journal={Apple Developer Documentation, https://developer.apple.com/documentation/uikit/uitableview},
  year={2020}
}